@book{DK86,
author = "D.E. Knuth",
title = "The {\TeX}book",
publisher = "Addison Wesley",
year = 1986,
}
@article{DK89,
author = "D.E. Knuth",
title = "Typesetting Concrete Mathematics",
journal = "TUGboat",
volume = 10,
number = 1,
pages = "31--36",
month = apr,
year = 1989,
}
@book{Lamport,
author = "Leslie Lamport",
title = "\LaTeX: A Document Preparation System",
publisher = "Addison Wesley",
year = 1986,
}
@manual{AGI01,
	organization = "KeySight",
	title = "NFA NOISE FIGURE ANALYZER CONFIGURATION GUIDE",
	year = 2006,
}
@manual{AGI02,
	organization = "KeySight",
	title = "NFA SERIES NOISE FIGURE ANALYZERS DEMO GUIDE",
	year = 2006,
}
@manual{AGI03,
	author = "KeySight",
	title = "NOISE FIGURE ANALYZERS NFA SERIES QUICK REFERENCE GUIDE",
	year=2006
}